@BOOK{Smith:2023qr,
	title = {{B}ook {T}itle},
	publisher = {Publisher},
	author = {Smith, J.~M. and Jones, A.~B.},
	year = {2023},
	edition = {7th},
}

@ARTICLE{Smith:2024jd,
	author = {Jones, A.~B. and Smith, J.~M.},
	title = {{A}rticle {T}itle},
	journal = {Journal title},
	year = {2024},
	volume = {13},
	pages = {123-456},
	number = {52},
	month = {3},
	publisher = {Publisher},
	doi = {10.1038/s41586-021-03616-x},
}

@ONLINE{passwordgame,
    author = "Neal Agarwal",
    title = "The Password Game",
    url  = "https://neal.fun/password-game/",
    keywords = "password,game,neal,fun",
}

@ONLINE{effdice,
	author = "Electronic Frontier Foundation",
	title = "EFF Dice-Generated Passphrases",
	url = "https://www.eff.org/dice",
	keywords = "passphrase,dice",
}

@ONLINE{diceware,
	author = "Arnold Reinhold",
	title = "Diceware Passphrase Home",
	url = "https://theworld.com/~reinhold/diceware.html",
	keywords = "passphrase,dice,diceware",
}

@ARTICLE{magicnumberseven,
	author = "George A. Miller",
	title = "The magical number seven plus or minus two: some limits on our capacity for processing information.",
	journal = "Psychological Review",
	year = {1956},
	doi = {10.1037/h0043158},
}

@ARTICLE{magicalmysteryfour,
	author = "Nelson Cowan",
	title = "The Magical Mystery Four: How is Working Memory Capacity Limited, and Why?",
	journal = "Current Directions in Psychological Science",
	year = {2010},
	doi = {10.1177/0963721409359277},
}

@ONLINE{mostcommonpasswords,
	author = "Wikipedia",
	title = "10,000 most common passwords",
	url = "https://en.wikipedia.org/wiki/Wikipedia:10,000_most_common_passwords",
	keywords = "password,common,10000"
}

@ONLINE{dwylwordlist,
	author = "dwyl (Do What You Love)",
	title = "List Of English Words",
	url = "https://github.com/dwyl/english-words",
	keywords = "words,wordlist"
}

@ONLINE{passphraserwordlist,
	author = "Patrick Fort",
	title = "Passphraser Word List",
	url = "https://github.com/80columns/passphraser-wordlist",
	keywords = "words,wordlist"
}

@ONLINE{nistpassword,
	author = "National Institute of Standards and Technology",
	title = "NIST Special Publication 800-63B",
	url = "https://pages.nist.gov/800-63-3/sp800-63b.html",
	keywords = "nist,password,minimum"
}

@ONLINE{microsoftpassword,
	author = "Microsoft",
	title = "Password policy recommendations for Microsoft 365 passwords",
	url = "https://learn.microsoft.com/en-us/microsoft-365/admin/misc/password-policy-recommendations",
	keywords = "microsoft,password,minimum"
}

@ONLINE{googlepassword,
	author = "Google",
	title = "Create a strong password \& a more secure account",
	url = "https://support.google.com/accounts/answer/32040",
	keywords = "google,password,minimum"
}